<?xml version="1.0" encoding="UTF-8"?><collection xmlns="http://www.loc.gov/MARC21/slim"><record><leader>00432nam--2200145-i-4500</leader><controlfield tag="001">000010310</controlfield><controlfield tag="002">20161230</controlfield><controlfield tag="005">20170304180904</controlfield><controlfield tag="008">060222s1000------------r-----000-0-eng-d</controlfield><datafield ind1=" " ind2=" " tag="100"><subfield code="a">Dantzer, Rodica</subfield></datafield><datafield ind1=" " ind2=" " tag="245"><subfield code="a">Organizarea si folosirea fondului de publicatii de intreprindere cu caracter comercial. - recomandare metodologica -</subfield></datafield><datafield ind1=" " ind2=" " tag="260"><subfield code="a">Bucuresti</subfield><subfield code="b">I.D.T</subfield><subfield code="c">1972</subfield></datafield><datafield ind1=" " ind2=" " tag="300"><subfield code="a">27 p</subfield></datafield><datafield ind1=" " ind2=" " tag="852"><subfield code="a">007</subfield></datafield><datafield ind1=" " ind2=" " tag="CAT"><subfield code="a">SYS</subfield><subfield code="c">20170304</subfield><subfield code="h">180904</subfield></datafield></record></collection>